% This file was created with JabRef 2.3.1.
% Encoding: UTF8

@STRING{ANM = {Annals of Numerical Mathematics}}

@STRING{AP = {Academic Press}}

@STRING{APPNUMERMATH = {Appl. Numer. Math.}}

@STRING{ARMA = {Arch. Rat. Mech. Anal.}}

@STRING{CALCOLO = {Calcolo}}

@STRING{CMA = {Comput. Math. Appl.}}

@STRING{CMAME = {Comput. Methods Appl. Mech. Engrg.}}

@STRING{CNME = {Commun. Numer. Meth. Engng.}}

@STRING{COMPMECH = {Comp. Mech.}}

@STRING{COMPTESRENDUSI = {C. R. Acad. Sci. Paris, S\'erie I}}

@STRING{CUP = {Cambridge University Press}}

@STRING{EASTWEST = {East West J. Num. Math.}}

@STRING{FEAD = {Finite Elements in Analysis and Design}}

@STRING{IEEE_APM = {IEEE Ant. Prop. Magazine}}

@STRING{IEEE_PROC = {IEEE Proceedings.}}

@STRING{IEEE_TAP = {IEEE Trans. Ant. Prop.}}

@STRING{IEEE_TEC = {IEEE Trans. Electromagnetic Compatibility}}

@STRING{IEEE_TM = {IEEE Trans. Mag.}}

@STRING{IEEE_TMT = {IEEE Trans. Microwave Theory Tech.}}

@STRING{IEEE_TOE = {IEEE Trans. Edu.}}

@STRING{IEEE_TPAS = {IEEE Trans. Power Apparatus Syst.}}

@STRING{IJAE = {Internat. J. Appl. Electrom.}}

@STRING{IJNME = {Internat. J. Numer. Methods Engrg.}}

@STRING{IJNMF = {Internat. J. Numer. Methods Fluids}}

@STRING{IMAJNA = {IMA J. Num. Anal.}}

@STRING{JCAM = {J. Comput. Appl. Math.}}

@STRING{JCP = {J. Comput. Phys.}}

@STRING{JEMWA = {J. Electromagnteic Waves Appl.}}

@STRING{JEWA = {J. Electromagn. Waves and Appl.}}

@STRING{JLWT = {J. Lightwave Tech.}}

@STRING{JMP = {J. Math. Phys.}}

@STRING{M2AS = {Math. Models Appl. Sci.}}

@STRING{M3AS = {Math. Models Methods Appl. Sci.}}

@STRING{MATHCOMP = {Math. Comp.}}

@STRING{NUMMA = {Numer. Math.}}

@STRING{NUMMETHPDE = {Num. Meth. Part. Diff. Eqs.}}

@STRING{OTL = {Opt. Tech. Lett.}}

@STRING{OUP = {Oxford University Press}}

@STRING{PRB = {Phys. Rev. B}}

@STRING{PRL = {Phys. Rev. Let.}}

@STRING{RAIRO = {RAIRO Mod\'el. Math. Anal. Num\'er. }}

@STRING{SIAM = {Society for Industrial and Applied Mathematics.}}

@STRING{SIAMSCISTATCOMP = {SIAM J. Sci. Stat. Comput.}}

@STRING{SIMATH = {SIAM J. Math. Anal.}}

@STRING{SINUM = {SIAM J. Num. Anal.}}

@STRING{SISC = {SIAM J. Sci. Comp.}}

@STRING{SPRINGER = {Springer Verlag}}

@STRING{WILEY = {Wiley}}

@BOOK{Taflove98,
  title = {Advances in Computational Electrodynamics: The Finite-Difference
	Time-Domain Method },
  publisher = {Artech House},
  year = {1998},
  author = {A. Taflove ed.}
}

@TECHREPORT{Wallin_A,
  author = {B. Wallin et. al.},
  title = {Large Multiphysics Simulations in {ALE}3{D}},
  institution = {Lawrence Livermore National Laboratory},
  number = {UCRL-JC-14047}
}

@TECHREPORT{Wallin_C,
  author = {B. Wallin et. al.},
  title = {Practical Solutions to Advection Difficulties in a Multi-Material
	Multi-Physics Code},
  institution = {Lawrence Livermore National Laboratory},
  number = {UCRL-JC-149137}
}

@MANUAL{FalgoutHYPRE06,
  title = {HYPRE User's Manual},
  author = {R. Falgout et. al.},
  organization = {Lawrence Livermore National Laboratory, Center for Applied Scientific
	Computing},
  edition = {2.0},
  month = {December},
  year = {2006}
}

@ARTICLE{Ozbay94,
  author = {E {\"O}zbay and A. Abeyta and G. Tuttle and M. Trinigides and R.
	Biswas and C.T. Chan and C.M Soukoulis and K.M. Ho},
  title = {Measurement of a three-dimensional photonic band gap in a crystal
	structure made of dielectric rods},
  journal = {Phys. Rev. B},
  year = {1994},
  volume = {50},
  pages = {1945--1948},
  number = {3}
}

@ARTICLE{OzdemirVolakis97,
  author = {T. {\"O}zdemir and J.L. Volakis},
  title = {Triangular prism for edge-based vector finite element analysis of
	conformal antennas},
  journal = IEEE_TAP,
  year = {1997},
  volume = {45},
  pages = {788--797},
  number = {5}
}

@ARTICLE{DeraemaekerBabuska99,
  author = {A. Deraemaeker, I. Babuska, P. Boullard},
  title = {Dispersion error and pollution of the {FEM} solution for the {H}elmholtz
	equation in one, two, and three dimensions},
  journal = INJNME,
  year = {1999},
  volume = {46},
  pages = {471--499},
  number = {4}
}

@BOOK{AbrahamMarsdenRatiu96,
  title = {Manifolds, Tensor Analysis, and Applications},
  publisher = SPRINGER,
  year = {1996},
  author = {R. Abraham and J. E. Marsden and T. Ratiu},
  series = {Applied Mathematical Sciences},
  edition = {Second edition},
  vol = {75}
}

@ARTICLE{AircraftCFD,
  author = {Ramesh Agarwal},
  title = {COMPUTATIONAL FLUID DYNAMICS OF WHOLE-BODY AIRCRAFT},
  journal = {Annual Review of Fluid Mechanics},
  year = {1999},
  volume = {31},
  pages = {125-169},
  owner = {truman},
  timestamp = {2010.03.16}
}

@ARTICLE{Ainsworth04,
  author = {M. Ainsworth},
  title = {Dispersive properties of high-order {N}edelec/edge element approximation
	of the time-harmonic {M}axwell equations},
  journal = {Philisophical Transactions of the Royal Society of London},
  year = {2004},
  volume = {362},
  pages = {471--491},
  number = {1816}
}

@ARTICLE{AinsworthCoyle03,
  author = {M. Ainsworth and J. Coyle},
  title = {Conditioning of hierarchic p-version {N}edelec elements on meshes
	of curvilinear quadrilaterals and hexahedra},
  journal = SINUM,
  year = {2003},
  volume = {41},
  pages = {731--750},
  number = {2}
}

@UNPUBLISHED{Ainsworth02,
  author = {M. Ainsworth and J. Coyle},
  title = {Hierarchic Finite Element Bases on Unstructured Tetrahedral Meshes},
  month = {May},
  year = {2002}
}

@ARTICLE{AinsworthCoyle01,
  author = {M. Ainsworth and J. Coyle},
  title = {Hierarchic $hp$-edge element families for {M}axwell's equations on
	hybrid quadrilateral/triangular meshes},
  journal = CMAME,
  year = {2001},
  volume = {190},
  pages = {6709--6733}
}

@ARTICLE{Alleon97,
  author = {M. All\'eon and M. Benzi and L. Giraud},
  title = {Sparse approximate inverse preconditioning for dense linear systems
	arising in computational electromagnetics},
  journal = {Numerical Algorithms},
  year = {1997},
  volume = {16},
  pages = {1--15},
  number = {1}
}

@ARTICLE{Ambrosiano94,
  author = {J. J. Amborsiano and S. T. Brandon and R. Lohner and C. R. DeVore},
  title = {Electromagnetics via the {T}aylor-{G}alerkin finite element method
	on unstructured grids},
  journal = JCP,
  year = {1994},
  volume = {110},
  pages = {310--319}
}

@ARTICLE{Ammari00,
  author = {H. Ammari and A. Buffa and J. C. Nedelec},
  title = {A justification of eddy currents model for the {M}axwell equations},
  journal = {SIAM J. Appl. Math},
  year = {2000},
  volume = {60},
  pages = {1805-1823},
  number = {5}
}

@ARTICLE{AndersenVolakis99,
  author = {L.S. Andersen and J.L. Volakis},
  title = {Development and application of a novel class of hierarchical tangential
	vector finite elements for electromagnetics},
  journal = IEEE_TAP,
  year = {1999},
  volume = {47},
  pages = {112--120},
  number = {1}
}

@ARTICLE{AndersenVolakis99-2,
  author = {L.S. Andersen and J.L. Volakis},
  title = {Condition numbers for various {FEM} matrices},
  journal = JEMWA,
  year = {1999},
  volume = {13},
  pages = {1663--1679},
  number = {12}
}

@ARTICLE{Anderson73,
  author = {O. W. Anderson},
  title = {Laplacian electrostatic field calculations by finite elements with
	automatic grid generation },
  journal = IEEE_TPAS,
  year = {1973},
  volume = {92},
  pages = {1485--1492},
  number = {5}
}

@TECHREPORT{ALEcoupling,
  author = {C. Aro and E. Dube and W. Futral},
  title = {Coupled mechanical/heat transfer simulation on {MPP} platforms using
	a finite element linear solver interface},
  institution = {Lawrence Livermore National Laboratory},
  year = {1999},
  number = {UCRL-JC-131746}
}

@ARTICLE{BabuskaIhlenburg97,
  author = {I. Babuska and F. Ihlenburg and T. Strouboulis and S. K. Gangaraj},
  title = {A posteriori error estimation for finite element solution of {H}elmholtz},
  journal = IJNME,
  year = {1997},
  volume = {40},
  pages = {3883--3900},
  number = {21}
}

@ARTICLE{BabuskaStrouboulis95,
  author = {I. Babuska and T. Strouboulis and C.S. Upadhyay and S. K. Gangaraj},
  title = {A posteriori estimation and adaptive control of the pollution error
	in the $h$-version of the finite element method for finite element
	solution of {H}elmholtz},
  journal = IJNME,
  year = {1995},
  volume = {38},
  pages = {4207--4235},
  number = {24}
}

@BOOK{Balanis89,
  title = {Advanced Engineering Electromagnetics},
  publisher = {John Wiley and Sons},
  year = {1989},
  author = {C. Balanis},
  city = {New York},
  vol = {75}
}

@ARTICLE{Baldomir86,
  author = {D. Baldomir},
  title = {Differential forms and electromagnetism in 3-dimensional {E}uclidean
	space {R}3.},
  journal = IEEE_PROC,
  year = {1986},
  volume = {133},
  pages = {139--143},
  number = {3}
}

@ARTICLE{Balsara04,
  author = {D. S. Balsara},
  title = {Second-order accurate schemes for magnetohydrodynamics with divergence-free
	reconstruction},
  journal = {The Astrophysical Journal Supplement Series},
  year = {2004},
  volume = {151},
  pages = {149--184}
}

@ARTICLE{Balsara01,
  author = {D. S. Balsara},
  title = {Divergence-free adaptive mesh refinement for magnetohydrodynamics},
  journal = JCP,
  year = {2001},
  volume = {174},
  pages = {614--648},
  number = {2}
}

@ARTICLE{BalsaraKim04,
  author = {D. S. Balsara and J. Kim},
  title = {A comparison between divergence-cleaning and staggered mesh formulations
	for numerical magnetohydrodynamics},
  journal = {The Astrophysical Journal},
  year = {2004},
  volume = {602},
  pages = {1079--1090}
}

@ARTICLE{BalsaraSpicer99,
  author = {D. S. Balsara and D. S. Spicer},
  title = {A Staggered Mesh Algorithm Using High Order {G}odunov Fluxes to Ensure
	Solenoidal Magnetic Fields in Magnetohydrodynamic Simulations},
  journal = JCP,
  year = {1999},
  volume = {149},
  pages = {270--292}
}

@ARTICLE{Barlow07,
  author = {A. Barlow},
  title = {A compatible finite element multi-material {ALE} hydrodynamics algorithm},
  journal = IJNMF,
  year = {2007},
  volume = {56},
  pages = {953--964}
}

@ARTICLE{BeckHiptmair99,
  author = {R. Beck and R. Hiptmair},
  title = {Multilevel solution of the time-harmonic {M}axwell's equations based
	on edge elements},
  journal = IJNME,
  year = {1999},
  volume = {45},
  pages = {901--920}
}

@ARTICLE{Benson92,
  author = {D. J. Benson},
  title = {Computational Methods in {L}agrangian and {E}ulerian hydrocodes},
  journal = CMAME,
  year = {1992},
  volume = {99},
  pages = {235--394}
}

@ARTICLE{Berenger96,
  author = {J. Berenger},
  title = {Three-dimensional perfectly matched layer for the absorption of electromagnetic
	waves},
  journal = JCP,
  year = {1996},
  volume = {127},
  pages = {363--379},
  number = {2}
}

@ARTICLE{Berenger94,
  author = {J. Berenger},
  title = {A perfectly matched layer for the absorption of electromagnetic waves},
  journal = JCP,
  year = {1994},
  volume = {114},
  pages = {185--200},
  number = {2}
}

@TECHREPORT{BergerAftosmis05,
  author = {M. Berger and M. Aftosmis},
  title = {Analysis of slope limiters on Irregular Grids},
  institution = {American Institute of Aeronautics and Astronautics},
  number = {2005-0490}
}

@PHDTHESIS{BochevThesis,
  author = {P. Bochev},
  title = {Least-squares finite element methods for the {S}tokes and {N}avier-{S}tokes
	equations},
  school = {Virginia Polytechnic Institute and State University, Blacksburg,
	Virginia},
  year = {1994}
}

@ARTICLE{BochevRobinson03,
  author = {P. Bochev and J. Hu and A. Robinson and R. Tuminaro},
  title = {Towards Robust {Z}-Pinch Simulations: {D}iscretization and Fast Solvers
	for Magnetic Diffusion in Heterogenous Conductors},
  journal = {Electronic Trans. Num. Analysis},
  year = {2003},
  volume = {15},
  pages = {186--210}
}

@ARTICLE{BochevShaskov05,
  author = {P. Bochev and M. Shaskov},
  title = {Constrained interpolation (remap) of divergence-free fields},
  journal = CMAME,
  year = {2005},
  volume = {194},
  pages = {511--530}
}

@ARTICLE{Bonnet97,
  author = {P. Bonnet and X. Ferrieres and F. Issac},
  title = {Numerical Modeling of Scattering Problems Using a Time Domain Finite
	Volume Method},
  journal = JEWA,
  year = {1997},
  volume = {11},
  pages = {1165--1189}
}

@BOOK{Bossavit98,
  title = {Computational Electromagnetism: Variational Formulation, Complementarity,
	Edge Elements.},
  publisher = AP,
  year = {1998},
  author = {A. Bossavit}
}

@ARTICLE{Bossavit96,
  author = {A. Bossavit},
  title = {Edge Elements for Magnetostatics},
  journal = {Int. J. Numer. Model. El.},
  year = {1996},
  volume = {9},
  pages = {19--34},
  number = {1--2}
}

@ARTICLE{Bossavit90,
  author = {A. Bossavit},
  title = {Solving {M}axwell equations in a closed cavity, and the question
	of spurious modes},
  journal = IEEE_TM,
  year = {1990},
  volume = {26},
  pages = {702--705},
  number = {2}
}

@ARTICLE{Bossavit88,
  author = {A. Bossavit},
  title = {Whitney forms: a class of finite elements for three-dimensional computations
	in electromagnetism},
  journal = IEEE_PROC,
  year = {1988},
  volume = {135},
  pages = {493--500},
  number = {8}
}

@ARTICLE{Bossavit89,
  author = {A. Bossavit and I. Mayergoyz},
  title = {Edge-Elements for Scattering Problems},
  journal = IEEE_TM,
  year = {1989},
  volume = {25},
  pages = {2816--2821},
  number = {4}
}

@ARTICLE{BrezziDouglasMarini85,
  author = {F. Brezzi and J. Douglas and L. D. Marini},
  title = {Two families of mixed finite elements for second order elliptic problems},
  journal = NUMMA,
  year = {1985},
  volume = {47},
  pages = {217--235}
}

@BOOK{BrezziFortin91,
  title = {Mixed and Hybrid Finite Element Methods},
  publisher = SPRINGER,
  year = {1991},
  author = {F. Brezzi and M. Fortin},
  series = {Springer Series in Computational Mathematics}
}

@ARTICLE{Brutman97,
  author = {L. Brutman},
  title = {Lebesgue functions for polynomial interpolation - a survey},
  journal = ANM,
  year = {1997},
  volume = {4}
}

@MANUAL{BurkePoggio81,
  title = {Numerical Electromagnetic Code (NEC) -- Method of Moments},
  author = {G. J. Burke and A. J. Poggio},
  organization = {Lawrence Livermore National Laboratory},
  address = {Livermore, California},
  month = {Jan.},
  year = {1981}
}

@BOOK{Burke85,
  title = {Applied Differential Geometry: Variational Formulation},
  publisher = CUP,
  year = {1985},
  author = {W. Burke}
}

@CONFERENCE{Burton1994,
  author = {Donald E Burton},
  title = {Consistent Finite-Volume Discretization of Hydrodynamic Conservation
	Laws for Unstructured Grids},
  booktitle = {Eighth Nuclear Explosives Code Developers' Conference},
  year = {1994},
  owner = {truman},
  timestamp = {2010.03.17}
}

@TECHREPORT{Burton94,
  author = {D. E. Burton},
  title = {Multidimensional discretizations of conservation laws for unstructured
	polyhedral grids},
  institution = {Lawrence Livermore National Laboratory},
  year = {1994},
  number = {UCRL-JC-118306}
}

@ARTICLE{CampbellHymanShashkov02,
  author = {J. C. Campbell and J. M. Hyman and M. Shashkov},
  title = {Mimetic Finite Differecne Operators for Second-Order Tensors on Unstructured
	Grids},
  journal = CMA,
  year = {2002},
  volume = {44},
  pages = {157--173}
}

@ARTICLE{CampbellShashkov01,
  author = {J. C. Campbell and M. J. Shashkov},
  title = {A Tensor Artificial Viscosity Using a Mimetic Finite Difference Algorithm},
  journal = JCP,
  year = {2001},
  volume = {172},
  pages = {739--765}
}

@ARTICLE{Candy89,
  author = {J. Candy and W. Rozmus},
  title = {A Symplectic Integration Algorithm for Seperable {H}amiltonian Functions},
  journal = JCP,
  year = {1991},
  volume = {92},
  pages = {230--256}
}

@ARTICLE{Cangellaris91,
  author = {A. C. Cangellaris and D. B. Wright},
  title = {Analysis of the numerical error caused by the stair-stepped approximation
	of a conducting boundary in {FDTD} simulations of electromagnetic
	phenomena},
  journal = IEEE_TAP,
  year = {1991},
  volume = {39},
  pages = {1518--1525},
  number = {10}
}

@ARTICLE{CaramanaBurtonShashkov98,
  author = {E. J. Caramana and D. E. Burton and M. J. Shashkov and P. P. Whalen},
  title = {The Construction of Compatible Hydrodynamics Algorithms Utilizing
	Conservation of Total Energy},
  journal = JCP,
  year = {1998},
  volume = {146},
  pages = {227--262}
}

@ARTICLE{CaramanaShashkov98,
  author = {E. J. Caramana and M. J. Shashkov},
  title = {Elimination of Artificial Grid Distortion and Hourglass-Type Motions
	by Means of {L}agrangian Subzonal Masses and Pressures},
  journal = JCP,
  year = {1998},
  volume = {142},
  pages = {521--561},
  number = {2}
}

@ARTICLE{CaramanaShashkovWhalen98,
  author = {E. J. Caramana and M. J. Shashkov and P. P. Whalen},
  title = {Formulations of Artificial Viscosity for multi-dimensional shock
	wave computations},
  journal = JCP,
  year = {1998},
  volume = {144},
  pages = {70--97}
}

@BOOK{Cartan67,
  title = {Formes Differentielles},
  publisher = {Hermann},
  year = {1967},
  author = {H. Cartan},
  address = {Paris}
}

@TECHREPORT{CastilloKoningRiebenStowellWhite02,
  author = {P. Castillo and J.Koining and R. Rieben and M. Stowell and D. White},
  title = {Discrete Differential Forms: A Novel Methodology for Robust Computational
	Electromagnetics},
  institution = {Lawrence Livermore National Laboratory, Center for Applied Scientific
	Computing},
  year = {2003},
  number = {UCRL-ID-151522},
  month = {January}
}

@ARTICLE{CastilloKoningRiebenWhite04,
  author = {P. Castillo and J. Koning and R. Rieben and D. White},
  title = {A Discrete Differential Forms Framework for Computational Electromagnetics},
  journal = {Computer Modeling in Engineering \& Sciences},
  year = {2004},
  volume = {5},
  pages = {331--346},
  number = {4}
}

@MISC{CRW_FEMSTER,
  author = {P. Castillo and R. Rieben and D. White},
  title = {{FEMSTER} Documentation},
  howpublished = {UCRL-WEB-147600},
  note = {www.llnl.gov/casc/femster}
}

@ARTICLE{CastilloRiebenWhite05,
  author = {P. Castillo and R. Rieben and D. White},
  title = {{FEMSTER}: An object orienetd class library of higher-order discrete
	differential forms},
  journal = {ACM Trans. Math. Soft.},
  year = {2005},
  volume = {31},
  pages = {425--457},
  number = {4}
}

@INPROCEEDINGS{CastilloRiebenWhite03,
  author = {P. Castillo and R. Rieben and D. White},
  title = {{FEMSTER}: {A}n Object Oriented Class Library of Discrete Differential
	Forms},
  booktitle = {Proceedings of the 2003 IEEE International Antennas and Propagation
	Symposium},
  year = {2003},
  volume = {2},
  pages = {181--184},
  address = {Columbus, Ohio},
  month = {June}
}

@ARTICLE{Cendes91,
  author = {Z. J. Cendes},
  title = {Vector Finite Elements for Electromagnetic Field Computation},
  journal = IEEE_TM,
  year = {1991},
  volume = {27},
  pages = {3958--3966},
  number = {5}
}

@ARTICLE{CendesSilvester71,
  author = {Z. J. Cendes and P. Silvester},
  title = {Numerical solution of dielectric loaded waveguides: {I} -- {F}inite
	element analysis },
  journal = IEEE_TMT,
  year = {1971},
  volume = {18},
  pages = {1124--1131},
  number = {6}
}

@BOOK{ChariSalon00,
  title = {Numerical Methods in Electromagnetism},
  publisher = {Academic Press},
  year = {2000},
  author = {M. V. K. Chari and S. J. Salon}
}

@ARTICLE{Chow00,
  author = {E. Chow},
  title = {A priori sparsity patterns for parallel sparse approximate inverse
	preconditioners},
  journal = SISC,
  year = {2000},
  volume = {21},
  pages = {1804--1822},
  number = {5}
}

@TECHREPORT{Christensen91,
  author = {R. B. Christensen},
  title = {Godunov Methods on a Staggered Mesh -- {A}n Improved Artificial Viscosity},
  institution = {Lawrence Livermore National Laboratory},
  year = {1991},
  number = {UCRL-JC-105269}
}

@BOOK{Ciarlet78,
  title = {The Finite Element Method for Elliptic Problems},
  publisher = {North-Holland},
  year = {1978},
  author = {P. G. Ciarlet}
}

@ARTICLE{Coggeshall91,
  author = {S. V. Coggeshall},
  title = {Analytic solutions of hydrodynamics equations},
  journal = {Phys. Fluids A},
  year = {1991},
  volume = {3},
  pages = {757--769},
  number = {5}
}

@ARTICLE{CookCabot2005,
  author = {Cook, A. W. and Cabot, W. H.},
  title = {Hyperviscosity for shock-turbulence interactions},
  journal = {Journal of Computational Physics},
  year = {2005},
  volume = {203},
  pages = {379 - 385},
  owner = {truman},
  timestamp = {2010.03.01}
}

@ARTICLE{CookCabot2004,
  author = {A. W. Cook and W. H. Cabot},
  title = {A high-wavenumber viscosity for high-resolution numerical methods},
  journal = {Journal of Computational Physics},
  year = {2004},
  volume = {195},
  pages = {594 - 601},
  owner = {truman},
  timestamp = {2010.03.01}
}

@TECHREPORT{ALEunderwater,
  author = {R. Couch and D. Faux},
  title = {Simulation of underwater benchmark experiments with {ALE3D}},
  institution = {Lawrence Livermore National Laboratory},
  year = {1997},
  number = {UCRL-JC-123819}
}

@TECHREPORT{ALEmetalforming,
  author = {R. Couch and R. Sharp and I. Otero and R. Tipton and R. McCallen},
  title = {Application of {ALE} techniques to metal forming simulations},
  institution = {Lawrence Livermore National Laboratory},
  year = {1993},
  number = {UCRL-JC-114851}
}

@ARTICLE{CourantFriedrichsLewy28,
  author = {R. Courant and K. O. Friedrichs and H. Lewy},
  title = {Uber die Partiellen Differenzengleichungen der Mathematisches Physik},
  journal = {Math. Ann.},
  year = {1928},
  volume = {100},
  pages = {32--74}
}

@ARTICLE{Crowley88,
  author = {C. Crowley and P. Silvester and H. Hurwitz},
  title = {Covariant projection elements for 3{D} vector field problems},
  journal = IEEE_TM,
  year = {1988},
  volume = {24},
  pages = {397--400},
  number = {1}
}

@CONFERENCE{DuctCFD,
  author = {Mats Dalenbring and Jonathan Smith},
  title = {Simulation of S-Duct Dynamics using Fluid-Structure Coupled CFD},
  booktitle = {24th Applied Aerodynamics Conference},
  year = {2006},
  owner = {truman},
  timestamp = {2010.03.16}
}

@ARTICLE{Jin02,
  author = {J. Dao and J. Jin},
  title = {A general approach for the stability analysis of the time domain
	finite element method for electromagnetic simulations},
  journal = IEEE_TAP,
  year = {2002},
  volume = {50},
  pages = {1624--1632},
  number = {11}
}

@TECHREPORT{Darlington99,
  author = {R. M. Darlington},
  title = {Large eddy simulation of {R}ayleigh-{T}aylor instability using the
	arbitrary {L}agrangian-{E}ulerian method},
  institution = {Lawrence Livermore National Laboratory},
  year = {1999},
  number = {UCRL-LR-136160}
}

@ARTICLE{DarlingtonMcAbeeRodrigue01,
  author = {R. M. Darlington and T. L. Mc{A}bee and G. Rodrigue},
  title = {A study of {ALE} simulations of {R}ayleigh-{T}aylor instability},
  journal = {Comp. Phys. Comm.},
  year = {2001},
  volume = {135},
  pages = {58--73},
  number = {1}
}

@ARTICLE{Deschamps81,
  author = {G. Deschamps},
  title = {Electromagnetics and differential forms},
  journal = IEEE_PROC,
  year = {1981},
  volume = {69},
  pages = {676--687},
  number = {6}
}

@INPROCEEDINGS{Deveze92,
  author = {T. Deveze and L. Beaulie and W. Tabbara},
  title = {A fourth order scheme for the {FDTD} algorithm applied to {M}axwell
	equtions},
  booktitle = {Proceedings IEEE Antennas and Propagat. Soc. Int. Symp.},
  year = {1992},
  pages = {346--349},
  address = {Chicago, IL}
}

@CONFERENCE{SugarCFD,
  author = {Dixon, T. and Mann, A. and Hobson, P. and Plaza, F. andPennisiI,
	S. and Steindl, R.},
  title = {Application of CFD In The Sugar Industry},
  booktitle = {Third International Conference on CFD in the Minerals and Process
	Industries},
  year = {2003},
  owner = {truman},
  timestamp = {2010.03.17}
}

@UNPUBLISHED{DobrevEllisKolevRieben2010,
  author = {Dobrev, V. A. and Ellis, T. E. and Kolev, Tz. V. and Rieben, R.},
  title = {Curvilinear Finite Elements for Lagrangian hydrodynamics},
  note = {article in review},
  year = {2010},
  journal = {International Journal for Numerical Methods in Fluids},
  owner = {truman},
  timestamp = {2010.04.08}
}

@ARTICLE{FluidStructureCFD,
  author = {Donea, J. and Giuliani, S. and Halleux, J.P.},
  title = {An arbitrary lagrangian-eulerian finite element method for transient
	dynamic fluid-structure interactions},
  journal = {Computer Methods in Applied Mechanics and Engineering},
  year = {1982},
  volume = {33},
  pages = {689 - 723},
  number = {1-3},
  doi = {DOI: 10.1016/0045-7825(82)90128-1},
  issn = {0045-7825},
  url = {http://www.sciencedirect.com/science/article/B6V29-47X87PJ-GN/2/58446e6fd1949d4060d30ffd5a42b5bd}
}

@INCOLLECTION{DonaeALE,
  author = {Donea, J. and Huerta, A. and Ponthot, J.-Ph. and Rodriguez-Ferran,
	A.},
  title = {Arbitrary Lagrangian–Eulerian Methods},
  booktitle = {Encyclopedia of Computational Mechanics},
  publisher = {John Wiley \& Sons, Ltd.},
  year = {2004},
  owner = {truman},
  timestamp = {2010.03.17}
}

@ARTICLE{Douglas1985,
  author = {J. Douglas and F. Milner},
  title = {Interior and superconvergence estimates for mixed methods for second
	order elliptic equations},
  journal = {RAIRO Modél. Math. Anal. Numér.},
  year = {1985},
  volume = {19},
  pages = {297–328},
  owner = {truman},
  timestamp = {2010.02.04}
}

@ARTICLE{DukowiczMeltz92,
  author = {J. K. Dukowicz and B. J. Meltz},
  title = {Vorticity errors in multidimensional Lagrangian codes},
  journal = JCP,
  year = {1992},
  volume = {99},
  pages = {115--134},
  number = {1}
}

@TECHREPORT{Edelvik98,
  author = {F. Edelvik},
  title = {A Survey of Finite Volume Time Domain Methods for Solving {M}axwell's
	Equations},
  institution = {Parallel and Scientific Computing Institute, Royal Institute of Technology
	and Uppsala University},
  year = {1998},
  number = {98:07}
}

@ARTICLE{EvansHawley88,
  author = {C. R. Evans and J. F. Hawley},
  title = {Simulation of Magnetohydrodynamic Flows: {A} Constrained Transport
	Method},
  journal = {The Astrophysical Journal},
  year = {1988},
  volume = {332},
  pages = {659--677}
}

@ARTICLE{Joannopoulos02,
  author = {S. Fan and J. Joannopoulos},
  title = {Analysis of guided resonances in photonic crystal slabs},
  journal = PRB,
  year = {2002},
  volume = {65},
  number = {23}
}

@PHDTHESIS{Fang89,
  author = {J. Fang},
  title = {Time Domain Finite Difference Computation for Maxwell's Equations},
  school = {University of California at Berkeley},
  year = {1989},
  address = {Berkeley, California}
}

@ARTICLE{Ruth90,
  author = {E. Forest and D. Ruth},
  title = {Fourth-order Symplectic Integration},
  journal = {Physica D},
  year = {1990},
  volume = {43},
  pages = {105--117},
  number = {1}
}

@TECHREPORT{ALEparallel,
  author = {W. S. Futral and E. Dube and J. R. Neely and T. G. Pierce},
  title = {Performance of ALE3D on the ASCI machines},
  institution = {Lawrence Livermore National Laboratory},
  year = {1999},
  number = {UCRL-JC-132166}
}

@INPROCEEDINGS{Gajic03,
  author = {R. Gaji{\'c} and R. Meisels and J. Radovanovi{\'c} and F. Kuchar},
  title = {3{D} Photonic Band Gap Structure for the {K}a-{U} Microwave Range},
  booktitle = {Proceedings of the XI Telekomunikacioni Forum Telfor 2003},
  year = {2003},
  address = {Beograd, Sava Centar},
  month = {November}
}

@BOOK{Gallian98,
  title = {Contemporary Abstract Algebra},
  publisher = {Houghton Mifflin Company},
  year = {1998},
  author = {J. A. Gallian},
  edition = {fourth}
}

@ARTICLE{Gambling79,
  author = {W. A. Gambling and H. Matsumura and C. M. Ragdale},
  title = {Curvature and Microbending Losses in Single-Mode Fibres},
  journal = {Optical and Quantum Electronics},
  year = {1979},
  volume = {11},
  pages = {43--5},
  number = {1}
}

@ARTICLE{Gedney00,
  author = {S. D. Gedney and J. A. Roden},
  title = {Numerical Stability of Nonorthogonal {FDTD} Methods},
  journal = IEEE_TAP,
  year = {2000},
  volume = {48},
  pages = {231--239},
  number = {2}
}

@ARTICLE{Gibbs1898,
  author = {Gibbs, J. W.},
  title = {Fourier Series},
  journal = {Nature},
  year = {1898},
  volume = {59},
  number = {200},
  owner = {truman},
  timestamp = {2010.02.24}
}

@ARTICLE{AstroCFD,
  author = {Gnedin, Nickolay},
  title = {Softened Lagrangian hydrodynamics for cosmology},
  journal = {Astrophysical Journal Supplement Series},
  year = {1995},
  volume = {97},
  pages = {231-257},
  number = {2},
  owner = {truman},
  timestamp = {2010.03.17}
}

@BOOK{Goff99,
  title = {Fiber Optic Reference Guide},
  publisher = {Focal Press},
  year = {1999},
  author = {D. R. Goff},
  edition = {second}
}

@ARTICLE{GragliaGheorma99,
  author = {R. Graglia and I.-L. Gheorma},
  title = {Higher order interpolatory vector bases on pyramidal elements},
  journal = IEEE_TAP,
  year = {1999},
  volume = {47},
  pages = {775--782},
  number = {5}
}

@INPROCEEDINGS{GragliaSaviWilton00,
  author = {R. Graglia and P. Savi and D. R. Wilton},
  title = {Higher order modeling for computational electromagnetics},
  year = {2000},
  address = {Barcelona},
  month = {September},
  organization = {European Congress on Computational Methods in Applied Sciences and
	Engineering},
  publisher = {ECCOMAS}
}

@ARTICLE{GragliaWiltonPeterson97,
  author = {R. Graglia and D. Wilton and A. Peterson},
  title = {Higher order interpolatory vector bases for computational electromagnetics},
  journal = IEEE_TAP,
  year = {1997},
  volume = {45},
  pages = {329--342},
  number = {3}
}

@ARTICLE{GragliaWiltonPetersonGheorma98,
  author = {R. Graglia and P. Wilton and A. Peterson and I.-L. Gheorma},
  title = {Higher order interpolatory vector bases on prism elements},
  journal = IEEE_TAP,
  year = {1998},
  volume = {46},
  pages = {442--450},
  number = {3}
}

@BOOK{Greiner98,
  title = {Classical Electrodynamics},
  publisher = {Springer-Verlag},
  year = {1998},
  author = {W. Greiner},
  address = {New York}
}

@ARTICLE{Gryra1992,
  author = {V. Gyrya and K. Lipnikov},
  title = {Vorticity errors in multidimensional lagrangian codes},
  journal = {J. Comp. Phys.},
  year = {1992},
  volume = {99},
  pages = {115–134},
  owner = {truman},
  timestamp = {2010.03.13}
}

@ARTICLE{Hadi97,
  author = {M. F. Hadi and M. Piket-May},
  title = {A modified {FDTD} (2,4) scheme for modeling electrically large structures
	with high phase accuracy},
  journal = IEEE_TAP,
  year = {1997},
  volume = {45},
  pages = {254--264},
  number = {2}
}

@ARTICLE{Hammond89,
  author = {P. Hammond},
  title = {Upper and lower bounds in eddy-current calculations},
  journal = {IEE Proceedings},
  year = {1989},
  volume = {136},
  pages = {207--216},
  number = {4}
}

@ARTICLE{Hano84,
  author = {M. Hano},
  title = {Finite element analysis of dielectric-loaded waveguides},
  journal = IEEE_TMT,
  year = {1984},
  volume = {32},
  pages = {1275--1279},
  number = {10}
}

@ARTICLE{Hano01,
  author = {M. Hano and T. Miyamura and M. Hotta},
  title = {Finite element eddy current analysis by novel mixed-order vector
	elements},
  journal = IJAE,
  year = {2001},
  volume = {14},
  pages = {19--22},
  number = {1-4}
}

@ARTICLE{Hara83,
  author = {M. Hara and T. Wada and T. Fukasawa and F. Kikuchi},
  title = {Three-Dimensional Analysis of RF Electromagnetic Field by the Finite
	Element Method},
  journal = IEEE_TM,
  year = {1983},
  volume = {19},
  pages = {2417--2420}
}

@TECHREPORT{HarlowAmsden71,
  author = {F. H. Harlow and A. A. Amsden},
  title = {Fluid Dynamics: A {LASL} Monograph},
  institution = {Los Alamos Scientific Laboratory},
  year = {1971},
  number = {LA-4700}
}

@BOOK{Harrington68,
  title = {Field Computation by Moment Methods},
  publisher = {MacMillan},
  year = {1968},
  author = {R. F. Harrington},
  address = {New York}
}

@ARTICLE{Harrington67,
  author = {R. F. Harrington},
  title = {Matrix Methods for Field Problems},
  journal = {Proc. IEEE},
  year = {1967},
  volume = {55},
  pages = {136--149}
}

@ARTICLE{Harten83,
  author = {A. Harten},
  title = {High resolution schemes for hyperbolic conservation laws},
  journal = JCP,
  year = {1983},
  volume = {49},
  pages = {357--393}
}

@BOOK{HealdMarion95,
  title = {Classical Electromagnetic Radiation},
  publisher = {Saunders College Publishing},
  year = {1995},
  author = {M. Heald and J. Marion},
  edition = {Third}
}

@ARTICLE{Hesthaven00,
  author = {J. Hesthaven and C. Teng},
  title = {Stable spectral methods on tetrahedral elements},
  journal = SISC,
  year = {2000},
  volume = {21},
  pages = {2352--2380},
  number = {6}
}

@ARTICLE{Hesthaven02,
  author = {J. S. Hesthaven and T. Warburton},
  title = {Nodal high-order methods on unstructured grids - {I}. {T}ime-domain
	solution of {M}axwell's Equations},
  journal = JCP,
  year = {2002},
  volume = {181},
  pages = {186--221},
  number = {1}
}

@ARTICLE{Hiptmair01,
  author = {R. Hiptmair},
  title = {Discrete {H}odge operators: {A}n algebraic perspective},
  journal = JEMWA,
  year = {2001},
  volume = {15},
  pages = {343--344},
  number = {3}
}

@ARTICLE{Hiptmair99,
  author = {R. Hiptmair},
  title = {Canonical construction of finite elements},
  journal = MATHCOMP,
  year = {1999},
  volume = {68},
  pages = {1325--1346},
  number = {228}
}

@ARTICLE{Hiptmair98,
  author = {R. Hiptmair},
  title = {Multigrid method for {M}axwell's equations},
  journal = SINUM,
  year = {1998},
  volume = {38},
  pages = {204--225},
  number = {1}
}

@ARTICLE{Hirono97,
  author = {T. Hirono and W. W. Lui and K. Yokoyama },
  title = {Time-Domain Simulation of Electromagnetic Field Using a Symplectic
	Integrator},
  journal = {IEEE Microwave and Guided Wave Lett.},
  year = {1997},
  volume = {7},
  pages = {279--281},
  number = {9}
}

@ARTICLE{Hirono98,
  author = {T. Hirono and W. W. Lui and K. Yokoyama and S. Seki},
  title = {Stability and Numerical Dispersion of Symplectic Fourth-Order Time-Domain
	Schemes for Optical Field Simulation},
  journal = JLWT,
  year = {1998},
  volume = {16},
  pages = {1915--1920},
  number = {10}
}

@ARTICLE{FreeSurfaceCFD,
  author = {Hirt, C. W. and Cook, J. L. and Butler, T. D.},
  title = {A Lagrangian method for calculating the dynamics of an incompressible
	fluid with free surface},
  journal = {Von Karman Inst. for Fluid Dyn. Numerical Methods in Fluid Dyn.},
  year = {1972},
  volume = {15},
  pages = {18-34},
  owner = {truman},
  timestamp = {2010.03.17}
}

@ARTICLE{Holland93,
  author = {R. Holland},
  title = {Pitfalls of staircase meshing},
  journal = IEEE_TEC,
  year = {1993},
  volume = {35},
  pages = {434--439},
  number = {4}
}

@INPROCEEDINGS{Holland90,
  author = {R. Holland},
  title = {The case against staircasing},
  booktitle = {Proceedings of the 6th annual Review of Progress in Applied Computational
	Electromagnetics},
  year = {1990},
  pages = {89--95},
  month = {March}
}

@ARTICLE{Holland91,
  author = {R. Holland and V. Cable and L. Wilson},
  title = {Finite-volume time-domain techniques for {EM} scattering},
  journal = IEEE_TEC,
  year = {1991},
  volume = {33},
  pages = {281--294},
  number = {4}
}

@BOOK{Hughes1987,
  title = {The Finite Element Method:
	
	Linear Static and Dynamic Finite Element Analysis},
  publisher = {Dover Publications},
  year = {1987},
  author = {Thomas Hughes},
  owner = {truman},
  timestamp = {2010.01.21}
}

@ARTICLE{Hyman99,
  author = {J. M. Hyman and M. J. Shashkov},
  title = {Mimetic Discretizations for Maxwell's equations},
  journal = JCP,
  year = {1999},
  volume = {151},
  pages = {881--909},
  number = {2}
}

@ARTICLE{Hyman97a,
  author = {J. M. Hyman and M. J. Shashkov},
  title = {Adjoint operators for the natural discretizations of the divergence,
	gradient and curl on logically rectangular grids},
  journal = APPNUMERMATH,
  year = {1997},
  volume = {25},
  pages = {413--442},
  number = {4}
}

@ARTICLE{Hyman97b,
  author = {J. M. Hyman and M. J. Shashkov},
  title = {Natural discretizations for the divergence, gradient, and curl on
	logically rectangular grids},
  journal = CMA,
  year = {1997},
  volume = {33},
  pages = {81--104},
  number = {4}
}

@ARTICLE{Hysom01,
  author = {D. Hysom and A. Pothen},
  title = {A scalable parallel algorithm for incomplete factor preconditioning},
  journal = SISC,
  year = {2001},
  volume = {22},
  pages = {2194--2215},
  number = {6}
}

@ARTICLE{Igarashi03,
  author = {H. Igarashi and T. Honma},
  title = {Convergence of Preconditioned Conjugate Gradient Method Applied to
	Driven Microwave Problems},
  journal = IEEE_TM,
  year = {2003},
  volume = {39},
  pages = {1705--1708},
  number = {3}
}

@ARTICLE{Igarashi02,
  author = {H. Igarashi and T. Honma},
  title = {On Convergence of {ICCG} Applied to Finite-Element Equation for Quasi-Static
	Fields},
  journal = IEEE_TM,
  year = {2002},
  volume = {38},
  pages = {565--568},
  number = {2}
}

@ARTICLE{Shearer68,
  author = {J. W. Sehearer, et. al.},
  title = {Explosive driven magnetic field compression generators},
  journal = {J. Appl. Physics},
  year = {1968},
  volume = {39},
  pages = {2102--2116},
  number = {4}
}

@BOOK{Jackson,
  title = {Classical Electrodynamics},
  publisher = WILEY,
  year = {1962 (1st ed), 1975 (2nd ed)},
  author = {J. D. Jackson}
}

@ARTICLE{Jameson93,
  author = {A. Jameson},
  title = {Computational algorithms for aerodynamic analysis and design},
  journal = APPNUMERMATH,
  year = {1993},
  volume = {13},
  pages = {383--422}
}

@BOOK{Jin93,
  title = {The Finite Element Method in Electromagnetics},
  publisher = WILEY,
  year = {1993},
  author = {J. Jin}
}

@BOOK{Joannopoulos95,
  title = {Photonic Crystals: Molding the Flow of Light},
  publisher = {Princeton University Press},
  year = {1995},
  author = {J. D. Joannopoulos and R. D. MEade and J. N. Winn},
  address = {Princeton, New Jersey}
}

@TECHREPORT{Lipnikov2010,
  author = {K.Lipnikov and M.Shashkov},
  title = {A mimetic tensor artiﬁcial viscosity for Lagrangian hydrocodes on
	arbitrary polygonal meshes},
  institution = {Los Alamos National Laboratory,},
  year = {2010},
  number = {LA-UR-10-00006},
  owner = {truman},
  timestamp = {2010.03.13}
}

@ARTICLE{ElectronicsCFD,
  author = {Ravi Kandasamy and Suresh Subramanyam},
  title = {Application of computational fluid dynamics simulation tools for
	thermal characterization of electronic packages},
  journal = {International Journal for Numerical Methods in Heat \& Fluid Flow},
  year = {2005},
  volume = {15},
  pages = {61-72},
  number = {1},
  owner = {truman},
  timestamp = {2010.03.17}
}

@ARTICLE{KarypisKumar98,
  author = {G. Karypis and V. Kumar},
  title = {A parallel algorithm for multilevel graph partitioning and sparse
	matrix ordering},
  journal = {J. Parallel Distr. Comp.},
  year = {1998},
  volume = {48},
  pages = {71--95},
  number = {1}
}

@ARTICLE{KettunenForsmanBossavit98,
  author = {L. Kettunen and K. Forsman and A. Bossavit},
  title = {Discrete spaces for {D}iv and {C}url-{F}ree fields},
  journal = IEEE_TM,
  year = {1998},
  volume = {34},
  pages = {2551--2554},
  number = {5}
}

@BOOK{Knoepfel,
  title = {Magnetic Fields},
  publisher = WILEY,
  year = {2000},
  author = {H. E. Knoepfel}
}

@ARTICLE{KolevRieben09,
  author = {Tz. V. Kolev and R. N. Rieben},
  title = {A Tensor Artificial Viscosity Using a Finite Element Approach},
  journal = JCP,
  year = {2009},
  volume = {228},
  pages = {8336--8366},
  number = {22}
}

@ARTICLE{Konrad76,
  author = {A. Konrad},
  title = {Vector variational formulation of electromagnetic fields in anisotropic
	media},
  journal = IEEE_TMT,
  year = {1976},
  volume = {24},
  pages = {553--559}
}

@ARTICLE{Kotiuga89,
  author = {P. R. Kotiuga},
  title = {Helicity Functionals and Metric Invariance in Three Dimensions},
  journal = IEEE_TM,
  year = {1989},
  volume = {25},
  pages = {2813--2815},
  number = {4}
}

@BOOK{Krawczyk93,
  title = {Numerical Modelling of Eddy Currents},
  publisher = {Oxford University / Clarendon Press},
  year = {1993},
  author = {Andrzej Krawczyk and John A. Tegopoulos}
}

@ARTICLE{KuzminTurek04,
  author = {D. Kuzmin and S. Turek},
  title = {High-resolution {FEM-TVD} schemes based on a fully multidimensional
	flux limiter},
  journal = JCP,
  year = {2004},
  volume = {198},
  pages = {131--158},
  number = {1}
}

@BOOK{LandauLifshitz8,
  title = {Electrodynaimcs of continuous media},
  publisher = {Peragom Press},
  year = {1960},
  author = {L. D. Landau and E. M. Lifshitz}
}

@TECHREPORT{Landshoff55,
  author = {R. Landshoff},
  title = {A numerical method for treating fluid flow in the presence of shocks},
  institution = {Los Alamos National Laboratory},
  year = {1955},
  number = {LA-1930}
}

@BOOK{LapidusPinder82,
  title = {Numerical Solution of Partial Differential Equations in Science and
	Engineering},
  publisher = {John Wiley and Sons},
  year = {1982},
  author = {L. Lapidus and G. F. Pinder}
}

@ARTICLE{LaxNelson75,
  author = {M. Lax and D. F. Nelson},
  title = {{M}axwell equations in material form},
  journal = PRB,
  year = {1975},
  volume = {13},
  pages = {1777--1784},
  number = {4}
}

@ARTICLE{Lee91,
  author = {J. Lee and D. Sun and Z. Cendes},
  title = {Tangential Vector Finite Elements for Electromagnetic Field Computation},
  journal = IEEE_TM,
  year = {1991},
  volume = {27},
  pages = {4032--4035},
  number = {5}
}

@ARTICLE{LeeCendes91,
  author = {J. Lee and D. Sun and Z. Cendes},
  title = {Full-wave Analysis of Dielectric Waveguides Using Tangential Vector
	Finite Elements},
  journal = IEEE_TMT,
  year = {1991},
  volume = {39},
  pages = {1262--1271},
  number = {8}
}

@ARTICLE{LeeMadsen90,
  author = {R. L. Lee and N. K. Madsen},
  title = {A mixed finite element formulation for {M}axwell's equations in the
	time domain },
  journal = JCP,
  year = {1990},
  volume = {88},
  pages = {284--304}
}

@BOOK{LeVeque90,
  title = {Numerical Methods for Conservation Laws},
  publisher = {Birkhauser-Verlag},
  year = {1990},
  author = {R. J. Le{V}eque}
}

@ARTICLE{Lidorikis03,
  author = {E. Lidorikis and M. Povinelli and S. Johnson and J. Joannopoulos},
  title = {Polarization-independent linear waveguides in 3{D} photonic crystals},
  journal = PRL,
  year = {2003},
  volume = {91},
  number = {2},
  note = {Art. No. 023902}
}

@ARTICLE{Lindman75,
  author = {E. L. Lindman},
  title = {Free-space boundary conditions for the finite-difference approximation
	of the time-doamin electromagnetic field equations},
  journal = JCP,
  year = {1975},
  volume = {18},
  pages = {66--78}
}

@ARTICLE{LondrilloDelZanna00,
  author = {P. Londrillo and L. Del Zanna},
  title = {High-order upwind schemes for multidimensional magnetohydrodynamics},
  journal = {The Astrophysical Journal},
  year = {2000},
  volume = {530},
  pages = {508--524}
}

@TECHREPORT{Louberre05,
  author = {R. Louberre},
  title = {On the effect of the different limiters for the tensor artificial
	viscosity for the Compatible Lagrangian Hydrodynamics Scheme},
  institution = {Theoretical Division, T-7, Los Alamos National Laboratory},
  year = {2005}
}

@ARTICLE{LynchPaulsen91,
  author = {D. R. Lynch and K. D. Paulsen},
  title = {Origin of Vector Parasites in Numerical {M}axwell Solutions},
  journal = IEEE_TMT,
  year = {1991},
  volume = {39},
  pages = {383--394},
  number = {3}
}

@ARTICLE{LynchPaulsen90,
  author = {D. R. Lynch and K. D. Paulsen},
  title = {Time domain integration of the Maxwell equations on finite elements},
  journal = IEEE_TAP,
  year = {1990},
  volume = {38},
  pages = {1933--1942}
}

@ARTICLE{LynchPaulsenBoyse93,
  author = {D. R. Lynch and K. D. Paulsen and W. E. Boyse},
  title = {Synthesis of Vector Parasites in Numerical {M}axwell Solutions},
  journal = IEEE_TMT,
  year = {1993},
  volume = {41},
  pages = {1439--1448},
  number = {8}
}

@BOOK{Felcman04,
  title = {Mathematical and Computational Methods for Compressible Flow},
  publisher = {Clarendon Press, Oxford},
  year = {2003},
  author = {M. Feistauer, J. Felcman and I. Stra\^skraba}
}

@ARTICLE{MadsenZiolkowski90,
  author = {N. Madsen and R. Ziolkowski},
  title = {A 3 dimensional modified finite volume techniqe for {M}axwell's equations},
  journal = {Electromagnetics},
  year = {1990},
  volume = {10},
  pages = {147--161},
  number = {1}
}

@ARTICLE{Madsen95,
  author = {N. K. Madsen},
  title = {Divergence preserving discrete surface integral method for {M}axwell's
	curl equations using non-orthogonal unstructured grids},
  journal = JCP,
  year = {1995},
  volume = {119},
  pages = {34--45},
  number = {1}
}

@ARTICLE{Mahadevan94,
  author = {K. Mahadevan and R. Mittra and P. M. Vaidya},
  title = {Use of {W}hitney edge and face elements for efficient finite-element
	time domain solution of {M}axwell equations},
  journal = JEWA,
  year = {1994},
  volume = {8},
  pages = {1173--1191},
  number = {9-10}
}

@CONFERENCE{ExplosionCFD,
  author = {Hans U. Mair and Hanson Huang},
  title = {LAGRANGIAN HYDROCODE MODELING OF UNDERWATER EXPLOSIVE/TARGET INTERACTION},
  booktitle = {61s Shock and Vibration Symposium},
  year = {1990},
  owner = {truman},
  timestamp = {2010.03.17}
}

@ARTICLE{Marcuse76,
  author = {D. Marcuse},
  title = {Curvature loss formula for optical fibers},
  journal = {J. Opt. Soc. Am.},
  year = {1976},
  volume = {66},
  pages = {216--220},
  number = {3}
}

@ARTICLE{MargolinShashkov99,
  author = {L. Margolin and M. Shashkov},
  title = {Using a Curvilinear Grid to Construct Symmetry-Preserving Discretizaions
	for {L}agrangian Gas Dynamics},
  journal = JCP,
  year = {1999},
  volume = {149},
  pages = {389--417}
}

@ARTICLE{FreeSurfaceCFD2,
  author = {Martínez, M. A. and Cueto, E. and Alfaro, I. and Doblaré, M. and
	Chinesta, F.},
  title = {Updated Lagrangian free surface flow simulations with natural neighbour
	Galerkin methods},
  journal = {International Journal for Numerical Methods in Engineering},
  year = {2004},
  volume = {60},
  pages = {2105-2129},
  owner = {truman},
  timestamp = {2010.03.17}
}

@BOOK{Maxwell,
  title = {A Treatise on Electricity and Magnetism, Vol. 1},
  publisher = {Dover Publications},
  year = {1954},
  author = {J. C. Maxwell}
}

@TECHREPORT{ALEcookoff,
  author = {M. McClelland and J. Maienschein and A. Nichols and J. Wardell and
	A. Atwood and P. Curran},
  title = {{ALE3D} model predictions and materials charcterization for the cookoff
	response of PBXN-109},
  institution = {Lawrence Livermore National Laboratory},
  year = {2002},
  number = {UCRL-JC-145756}
}

@ARTICLE{Joannopoulos96,
  author = {A. Mekis and J. Chen and S. Fan and P. Villeneuve and J. Joannopoulos},
  title = {High transmission through sharp bends in photonic crystal waveguides},
  journal = PRL,
  year = {1996},
  volume = {77},
  pages = {3787--3790},
  number = {18}
}

@ARTICLE{Melenk02,
  author = {J. Melenk},
  title = {On Condition Numbers in hp-FEM with Gauss-Lobatto Shape Functions},
  journal = JCAM,
  year = {2002},
  volume = {139},
  pages = {21--48},
  number = {1}
}

@ARTICLE{Miniowitz91,
  author = {R. Miniowitz and J. P. Webb},
  title = {Covariant-projection quadrilateral elements for the analysis of waveguides
	with sharp edges},
  journal = IEEE_TMT,
  year = {1991},
  volume = {39},
  pages = {501--505},
  number = {3}
}

@ARTICLE{Mohammadian91,
  author = {A. H. Mohammadian and V. Shankar and W. F. Hall},
  title = {Computation of Electromagnetic Scattering and Radiation Using a Time-Domain
	Finite Volume Discretization Procedure},
  journal = {Comput. Phys. Comm.},
  year = {1991},
  volume = {68},
  pages = {175--196}
}

@ARTICLE{Monk94,
  author = {P. Monk},
  title = {On the $p$-extension and $hp$-extension of {N}edelec curl-conforming
	elements},
  journal = JCAM,
  year = {1994},
  volume = {53},
  pages = {117--137},
  number = {1}
}

@ARTICLE{Monk93,
  author = {P. Monk},
  title = {An analysis of {N}\'ed\'elec's method for the spatial discretization
	of {M}axwell's equations},
  journal = JCAM,
  year = {1993},
  volume = {47},
  pages = {101--121}
}

@ARTICLE{Monk92,
  author = {P. Monk},
  title = {Analysis of finite element method for {M}axwell's equations},
  journal = SINUM,
  year = {1992},
  volume = {29},
  pages = {714--729}
}

@ARTICLE{Monk91,
  author = {P. Monk},
  title = {A mixed method for approximating {M}axwell's equations},
  journal = SINUM,
  year = {1991},
  volume = {28},
  pages = {1610--1634},
  number = {6}
}

@ARTICLE{MonkParrot94,
  author = {P. Monk and A. Parrot},
  title = {A dispersion analysis of finite element methods for {M}axwell's equations
	},
  journal = SISC,
  year = {1994},
  volume = {15},
  pages = {916--937},
  number = {4}
}

@ARTICLE{MorelRobertsShashkov98,
  author = {J. E. Morel and R. M. Roberts and M. J. Shashkov},
  title = {A Local Support-Operators Diffusion Discretization Scheme},
  journal = JCP,
  year = {1998},
  volume = {144},
  pages = {17--51}
}

@ARTICLE{Mur81,
  author = {G. Mur},
  title = {Absorbing boundary conditions for the finite-difference approximation
	of the time-domain electromagnetic field equations},
  journal = IEEE_TEC,
  year = {1981},
  volume = {23},
  pages = {377--382},
  number = {4}
}

@ARTICLE{Nedelec86,
  author = {J. C. N\'ed\'elec},
  title = {A New Family of Mixed Finite Elements in {R}3},
  journal = NUMMA,
  year = {1986},
  volume = {50},
  pages = {57--81}
}

@ARTICLE{Nedelec80,
  author = {J. C. N\'ed\'elec},
  title = {Mixed Finite Elements in {R}3},
  journal = NUMMA,
  year = {1980},
  volume = {35},
  pages = {315--341}
}

@ARTICLE{Ney85,
  author = {M. M. Ney},
  title = {Method of moments as applied to electromagnetics problems},
  journal = IEEE_TMT,
  year = {1985},
  volume = {33},
  pages = {972--980},
  number = {10}
}

@TECHREPORT{ALEhotspot,
  author = {A. Nichols and C. tarver and E. McGuire},
  title = {{ALE3D} statistical hot spot model results for LX-17},
  institution = {Lawrence Livermore National Laboratory},
  year = {2003},
  number = {UCRL-JC-152203}
}

@TECHREPORT{ALEenergetics,
  author = {A. Nichols and R. Couch and J. Matlby and R. McCallen and I. Otero
	and R. Sharp},
  title = {Coupled thermal/chemcial/mechanical modeling of energetic materials
	in {ALE3D}},
  institution = {Lawrence Livermore National Laboratory},
  year = {1996},
  number = {UCRL-JC-124706}
}

@ARTICLE{Noh87,
  author = {W. F. Noh},
  title = {Errors for calculations of strong shocks using an artificial viscosity
	and an artificial heat flux},
  journal = JCP,
  year = {1987},
  volume = {72},
  pages = {78--120},
  number = {1}
}

@BOOK{Ockendon04,
  title = {Waves and Compressible Flow},
  publisher = {Springer-Verlag},
  year = {2004},
  author = {H. Ockendon and J. Ockendon},
  volume = {47},
  series = {Texts in Applied Mathematics}
}

@BOOK{Okoshi82,
  title = {Optical Fibers},
  publisher = {Academic Press},
  year = {1982},
  author = {T. Okoshi},
  address = {New York}
}

@ARTICLE{Owen04,
  author = {J. M. Owen},
  title = {A Tensor Artificial Viscosity for {SPH}},
  journal = JCP,
  year = {2004},
  volume = {201},
  pages = {601--629},
  number = {2}
}

@TECHREPORT{ParsonsSolberg_A,
  author = {D. Parsons},
  title = {Adaptive Implicit Multimechanics Simulations with Diablo},
  institution = {Lawrence Livermore National Laboratory},
  number = {UCRL-JC-154055}
}

@TECHREPORT{ParsonsSolberg_B,
  author = {D. Parsons and J. Solberg},
  title = {Parallel Adaptive Multi-Mechanics Simulations using DIABLO},
  institution = {Lawrence Livermore National Laboratory},
  number = {UCRL-PROC-208410}
}

@ARTICLE{PaulsenBoyseLynch92,
  author = {K. D. Paulsen and W. E. Boyse and D. R. Lynch},
  title = {Continuous Potential {M}axwell Solutions on Nodal-Based Finite Elements},
  journal = IEEE_TAP,
  year = {1992},
  volume = {40},
  pages = {1192--1200},
  number = {10}
}

@ARTICLE{PaulsenLynch91,
  author = {K. D. Paulsen and D. R. Lynch},
  title = {Elimination of Vector Parasites in Finite Element {M}axwell Solutions},
  journal = IEEE_TMT,
  year = {1991},
  volume = {39},
  pages = {395--404},
  number = {3}
}

@MASTERSTHESIS{Perry2008,
  author = {Robert Perry},
  title = {Investigation of the Proposed 2009 FIAFormula 1 World Championship
	Aerodynamic Regulation Changes Using Computational Fluid Dynamics},
  school = {California Polytechnic State University},
  year = {2008},
  month = {June},
  owner = {truman},
  timestamp = {2010.03.17}
}

@ARTICLE{PeterkinFreseSovinec98,
  author = {R. E. Peterkin and M.H. Frese and C.R. Sovinec},
  title = {Transport of magnetic flux in an arbitrary coordinate {ALE} code},
  journal = JCP,
  year = {1998},
  volume = {140},
  pages = {148--171},
  number = {1}
}

@ARTICLE{Petermann76,
  author = {K. Petermann},
  title = {Microbending Loss in Monomode Fibres},
  journal = {Electronics Letters},
  year = {1976},
  volume = {12},
  pages = {107--109},
  number = {4}
}

@ARTICLE{Bossavit93,
  author = {L. Pichon and A. Bossavit},
  title = {A New Variational Formulation, Free of Spurious Modes, for the Problem
	of Loaded Cavities},
  journal = IEEE_TM,
  year = {1993},
  volume = {29},
  pages = {1595--1600},
  number = {2}
}

@ARTICLE{Pierce05,
  author = {T. Pierce and G. Rodrigue},
  title = {A paralell two-sided contact algorithm in {ALE3D}},
  journal = {Comp. Meth. Appl. MEch. Eng.},
  year = {2005},
  volume = {194},
  pages = {3127--3146},
  number = {27}
}

@ARTICLE{Post05,
  author = {D. Post and L. Votta},
  title = {Computational science demands a new paradigm},
  journal = {Physics Today},
  year = {2005},
  volume = {58},
  pages = {35--41},
  number = {1},
  month = {January}
}

@ARTICLE{Demkowicz02,
  author = {W. Rachowicz and L. Demkowicz},
  title = {{A}n hp-{A}daptive {F}inite {E}lement {M}ethod for {E}lectromagnetics},
  journal = INJNME,
  year = {2002},
  volume = {53},
  pages = {147--180},
  number = {1}
}

@TECHREPORT{Rambo_A,
  author = {P. Rambo},
  title = {Vector Potential Remap for 2{D} {MHD}},
  institution = {Lawrence Livermore National Laboratory},
  number = {UCRL-JC-132123}
}

@ARTICLE{RaoWiltonGlisson82,
  author = {S. M. Rao and D. R. Wilton and A. W. Glisson},
  title = {Electromagnetic scattering by surfaces of arbitrary shape},
  journal = IEEE_TAP,
  year = {1982},
  volume = {30},
  pages = {409--418},
  number = {3}
}

@INCOLLECTION{RaviartThomas77,
  author = {P.A. Raviart and J.M. Thomas},
  title = {A {M}ixed {F}inite {E}lement {M}ethod for $2^{nd}$ {O}rder {E}lliptic
	{P}roblems},
  booktitle = {{M}athematical {A}spects of the {F}inite {E}lement {M}ethod},
  publisher = SPRINGER,
  year = {1977},
  editor = {I. Galligani and E. Mayera},
  volume = {606},
  series = {Lect. Notes. on Mathematics},
  pages = {293--315}
}

@ARTICLE{Ren00,
  author = {Z. Ren and N. Ida},
  title = {High Order Differential Form-Based Elements for the Computation of
	Electromagnetic Field},
  journal = IEEE_TM,
  year = {2001},
  volume = {36},
  pages = {1472--1478},
  number = {4}
}

@BOOK{Richtmyer76,
  title = {Difference Methods for Initial Value Problems},
  publisher = {John Wiley and Sons},
  year = {1976},
  author = {R. Richtmyer and K. Morton},
  address = {New York}
}

@ARTICLE{Rider2000,
  author = {William J. Rider},
  title = {Revisiting Wall Heating},
  journal = {Journal of Computational Physics},
  year = {2000},
  volume = {162},
  pages = {395 - 410},
  owner = {truman},
  timestamp = {2010.03.01}
}

@INPROCEEDINGS{RiebenARES07,
  author = {R. Rieben},
  title = {Lagrange Hydro step in {ARES}},
  booktitle = {Proceedings of the Advanced Numerical Methods for Lagrangian Hydrodynamics
	Workshop},
  year = {2007},
  address = {Lawrence Livermore National Laboratory, Livermore, California},
  month = {November}
}

@ARTICLE{RiebenWhite06,
  author = {R. Rieben and D. White},
  title = {Verification of High-Order Mixed {FEM} Solution of Transient Magnetic
	Diffusion Problems},
  journal = IEEE_TM,
  year = {2006},
  volume = {42},
  pages = {25--39},
  number = {1}
}

@ARTICLE{RiebenWhiteRodrigue05,
  author = {R. Rieben and D. White and G. Rodrigue},
  title = {A High Order Mixed Vector Finite Element Method for Solving the Time
	Dependent {M}axwell Equations on Unstructured Grids},
  journal = JCP,
  year = {2005},
  volume = {204},
  pages = {490--519}
}

@ARTICLE{Rieben03_B,
  author = {R. Rieben and D. White and G. Rodrigue},
  title = {High Order Symplectic Integration Methods for Finite Element Solutions
	to Time Dependent MAxwell Equations},
  journal = IEEE_TAP,
  year = {2004},
  month = {August},
  note = {in press}
}

@INPROCEEDINGS{Rieben04_A,
  author = {R. Rieben and D. White and G. Rodrigue},
  title = {Application of Novel High Order Time Domain Vector Finite Element
	Method to Photonic Band-Gap Waveguides},
  booktitle = {Proceedings of the 2004 IEEE International Antennas and Propagation
	Symposium},
  year = {2004},
  address = {Monterrey, California},
  month = {June}
}

@INPROCEEDINGS{Rieben03_A,
  author = {R. Rieben and D. White and G. Rodrigue},
  title = {Arbitrary Order Hierarchical Vector Bases for Hexahedrons},
  booktitle = {Proceedings of the 2003 IEEE International Antennas and Propagation
	Symposium},
  year = {2003},
  volume = {2},
  pages = {972--976},
  address = {Columbus, Ohio},
  month = {June}
}

@INPROCEEDINGS{Rieben02_A,
  author = {R. Rieben and D. White and G. Rodrigue},
  title = {Generalized High Order Interpolatory 1-Form Bases for Computational
	Electromagnetics},
  booktitle = {Proceedings of the 2002 IEEE International Antennas and Propagation
	Symposium},
  year = {2002},
  volume = {4},
  pages = {686--689},
  address = {San Antonio, Texas},
  month = {June}
}

@ARTICLE{Rieben03,
  author = {R. Rieben and D. White and G. Rodrigue},
  title = {Improved conditioning of finite element matrices using new high order
	interpolatory bases},
  journal = IEEE_TAP,
  year = {2001},
  volume = {52},
  pages = {2675--2683},
  number = {10}
}

@ARTICLE{RiebenWhiteWallinSolberg07,
  author = {R. N. Rieben and D. A. White and B. K. Wallin and J. M. Solberg},
  title = {An arbitrary {L}agrangian-{E}ulerian discretization of {MHD} on 3{D}
	unstructured grids},
  journal = JCP,
  year = {2007},
  volume = {226},
  pages = {534--570}
}

@ARTICLE{Rinaldi02,
  author = {C. Rinaldi and H. Brenner},
  title = {Body versus surface forces in continuum mechanics: {I}s the {M}axwell
	stress tensor a physically objective {C}auchy stress?},
  journal = {Phys. Rev. E},
  year = {2002},
  volume = {65},
  number = {036615}
}

@MISC{RobinsonPersonalCommunication,
  author = {A. Robinson},
  title = {Personal Communication},
  year = {2005},
  key = {Personal Communication}
}

@ARTICLE{RodrigueWhite01,
  author = {G. Rodrigue and D. White},
  title = {A Vector Finite Element Time-Domain Method for Solving Maxwell's
	Equations on Unstructured Hexahedral Grids},
  journal = SISC,
  year = {2001},
  volume = {23},
  pages = {683--706},
  number = {3}
}

@ARTICLE{RodrigueWhiteKoning00,
  author = {G. Rodrigue and D. White and J. Koning},
  title = {Scalable Preconditioned Conjugate Gradient Inversion of Vector Finite
	Element Mass Matrices},
  journal = JCAM,
  year = {2000},
  volume = {123},
  pages = {307--321}
}

@ARTICLE{Ruth83,
  author = {D. Ruth},
  title = {A Canonical Integration Technique},
  journal = {IEEE Trans. Nuc. Sci.},
  year = {1983},
  volume = NS-30,
  pages = {2669--2671},
  number = {4}
}

@BOOK{Sadiku92,
  title = {Numerical Techniques in Electromagnetics},
  publisher = {CRC Press},
  year = {1992},
  author = {M. N. O. Sadiku}
}

@ARTICLE{Sadiku89,
  author = {M. N. O. Sadiku},
  title = {A simnple introduction to finite element analysis of electromagnetic
	problems},
  journal = IEEE_TOE,
  year = {1989},
  volume = {32},
  pages = {85--93},
  number = {2}
}

@ARTICLE{Saitoh01,
  author = {I. Saitoh and Y. Suzuki and N. Takahashi},
  title = {The Symplectic Finite Difference Time Domain Method},
  journal = IEEE_TM,
  year = {2001},
  volume = {37},
  pages = {3251--3254},
  number = {5}
}

@ARTICLE{Saitoh02,
  author = {I. Saitoh and N. Takahashi},
  title = {Stability of Symplectic Finite-Difference Time-Domain Methods},
  journal = IEEE_TM,
  year = {2002},
  volume = {38},
  pages = {665--668},
  number = {2}
}

@BOOK{SSGRD98,
  title = {Iterative and Self Adaptive Finite-Elements in Electromagnetic Modeling},
  publisher = {Artech House},
  year = {1998},
  author = {M. Salazar-Palma and T. K. Sarkar and L. Garcia-Castillo and T. Roy
	and A. Djordjevic}
}

@TECHREPORT{Saltzman1985,
  author = {J. Saltzman and P. Colella.},
  title = {Second order corner coupled upwind transport methods
	
	for Lagrangian hydrodynamics.},
  institution = {Los Alamos National
	
	Laboratory},
  year = {1985},
  number = {LA-UR-85-678},
  owner = {truman},
  timestamp = {2010.03.13}
}

@BOOK{SanzSerna94,
  title = {Numerical Hamiltonian Problems},
  publisher = {Chapman and Hall},
  year = {1994},
  author = {J. M. Sanz-Serna and M. P. Calvo}
}

@ARTICLE{SavagePeterson96,
  author = {J. S. Savage and A F. Peterson},
  title = {Higher-Order Vector Finite Elements for Tetrahedral Cells},
  journal = IEEE_TMT,
  year = {1996},
  volume = {44},
  pages = {874--879},
  number = {6}
}

@ARTICLE{Schoberl00,
  author = {S. Schinnerl and M. Schoberl and M. Kaltenbacher},
  title = {Nested Multigrid Methods for the Fast Numerical Computation of 3{D}
	Fields},
  journal = IEEE_TM,
  year = {2000},
  volume = {36},
  pages = {1557--1560},
  number = {4}
}

@BOOK{Sedov59,
  title = {Similarity and Dimensional Methods in Mechanics},
  publisher = {CRC Press},
  year = {1993},
  author = {L. I. Sedov},
  edition = {Tenth}
}

@ARTICLE{Shankar90,
  author = {V. Shankar and A. Mohammadian and W. Hall},
  title = {A time-domain finite volume treatment for the {M}axwell Equations},
  journal = {Electromagnetics},
  year = {1990},
  volume = {10},
  pages = {127--145},
  number = {1}
}

@ARTICLE{Silvester69,
  author = {P. Silvester},
  title = {Finite Element Solution of Homogeneous Waveguide Problems},
  journal = {Alta Frequenza},
  year = {1969},
  volume = {38},
  pages = {313--317}
}

@BOOK{Silvester83,
  title = {Finite Elements for Electrical Engineers},
  publisher = {Cambridge University Press, Cambridge},
  year = {1983},
  author = {P. P. Silvester and R. L. Ferrari}
}

@BOOK{Smith97,
  title = {An Introduction to Classical Electromagnetic Radiation},
  publisher = {Cambridge University Press, Cambridge},
  year = {1997},
  author = {G. S. Smith}
}

@BOOK{Smythe68,
  title = {Static and Dynamic Electricity},
  publisher = {McGraww-Hill},
  year = {1968},
  author = {W. R. Smythe}
}

@ARTICLE{Sod1978,
  author = {Sod, G.A.},
  title = {Survey of several finite difference methods for systems of nonlinear
	hyperbolic conservation laws},
  journal = {Journal of Computational Physics},
  year = {1978},
  volume = {26},
  owner = {truman},
  timestamp = {2010.02.20}
}

@BOOK{Spiegel59,
  title = {Vector Analysis and an Introduction to Tensor Analysis},
  publisher = {McGraww-Hill},
  year = {1959},
  author = {M. R. Spiegel}
}

@ARTICLE{StenbergSuri1996,
  author = {Rolf Stenberg and Manil Suri},
  title = {Mixed hp finite element methods for problems in elasticity and Stokes
	flow},
  journal = {Numerische Mathematik},
  year = {1996},
  volume = {72},
  pages = {367-389},
  owner = {truman},
  timestamp = {2010.01.22}
}

@TECHREPORT{ALEmultiphase,
  author = {D. Stevens},
  title = {Compressible multiphase flows in an {ALE} framework},
  institution = {Lawrence Livermore National Laboratory},
  year = {2003},
  number = {UCRL-JC-201373}
}

@BOOK{Stewart96,
  title = {Dynamical Systems and Numerical Analysis},
  publisher = {Cambridge University Press},
  year = {1996},
  author = {A. M. Stewart and A. R. Humphries}
}

@BOOK{StoerBulirsch80,
  title = {Introduction to Numerical Analysis},
  publisher = {Springer},
  year = {1980},
  author = {J. Stoer and R. Bulirsch},
  edition = {Second}
}

@ARTICLE{StoneHawleyEvansNorman92,
  author = {J. M. Stone and J. F. Hawley and C. R. Evans and M. L. Norman},
  title = {A test suite for magnetohydrodynamic simulations},
  journal = {Astrophysical Journal},
  year = {1992},
  volume = {388},
  pages = {415--437},
  number = {2}
}

@ARTICLE{StoneNorman92,
  author = {J. M. Stone and M. L. Norman},
  title = {{ZEUS 2D} - {A} Radiation magnetohydrodynamics code for astrophysical
	flows in 2 space dimensions: {II}. {T}he magnetohydrodynamic algorithms
	and tests},
  journal = {Astrophysical Journal Supplement Series},
  year = {1992},
  volume = {80},
  pages = {791--818},
  number = {2}
}

@BOOK{Stratton,
  title = {Electromagnetic Theory},
  publisher = {MvGraw-Hill},
  year = {1941},
  author = {J. A. Stratton},
  edition = {1st}
}

@BOOK{Stroustrup91,
  title = {C++ Programming Language},
  publisher = {Addison-Wesley, Reading, MA},
  year = {1991},
  author = {B. Stroustrup}
}

@ARTICLE{Sun01,
  author = {D. Sun and J. Lee and Z. Cendes},
  title = {Construction of nearly orthogonal {N}edelec bases for rapid convergence
	with multilevel preconditioned solvers},
  journal = SISC,
  year = {2001},
  volume = {23},
  pages = {1053-1076},
  number = {4}
}

@ARTICLE{SunMangesYuanCendes95,
  author = {D. Sun and J. Manges and X. Yuan and Z. Cendes},
  title = {Spurious Modes in Finite Element Methods},
  journal = IEEE_APM,
  year = {1995},
  volume = {37},
  pages = {12--24},
  number = {5}
}

@ARTICLE{Sozuer94,
  author = {H. S. S{\"o}z{\"u}er and J.P. Dowling},
  title = {Photonic Band Calculations for Woodpile Structures},
  journal = {J. Mod. Opt.},
  year = {1994},
  volume = {41},
  pages = {231--239},
  number = {2}
}

@ARTICLE{Taflove88,
  author = {A. Taflove},
  title = {Review of the formulation and applications of the finite-difference
	time-domain method for numerical modeling of electromagnetic wave
	interaction with arbitrary structures},
  journal = {Wave Motion},
  year = {1988},
  volume = {10},
  pages = {547--582}
}

@ARTICLE{Taflove75,
  author = {A. Taflove and M. E. Brodwin},
  title = {Numerical solution of steady-state electromagnetic scattering problems
	using the time-dependent {M}axwell's equations },
  journal = IEEE_TMT,
  year = {1975},
  volume = {23},
  pages = {623--630}
}

@BOOK{Tannehill1997,
  title = {Computational Fluid Mechanics and Heat Transfer},
  publisher = {Taylor \& Francis},
  year = {1997},
  author = {Tannehill, J. C. and Anderson, D. A. and Pletcher, R. H.},
  series = {series in computational and physical processes in mechanics and thermal
	sciences},
  edition = {2nd},
  owner = {truman},
  timestamp = {2010.03.16}
}

@ARTICLE{Teixeira99,
  author = {F. L. Teixeira and W. C. Chew},
  title = {Lattice electromagnetic theory from a topological viewpoint},
  journal = JMP,
  year = {1999},
  volume = {40},
  pages = {169--187},
  number = {1}
}

@ARTICLE{Thoma98,
  author = {P. Thoma},
  title = {Numerical Stability of Finite Difference Time Domain Methods},
  journal = IEEE_TM,
  year = {1998},
  volume = {34},
  pages = {2740--2743},
  number = {5}
}

@TECHREPORT{Tipton_A,
  author = {R. Tipton},
  title = {A 2{D} Lagrange {MHD} Code},
  institution = {Lawrence Livermore National Laboratory},
  number = {UCRL-JC-94277}
}

@TECHREPORT{Tipton_B,
  author = {R. Tipton},
  title = {Modeling flux compression generators with a 2{D} {ALE} code},
  institution = {Lawrence Livermore National Laboratory},
  number = {UCRL-JC-99900}
}

@MISC{TiptonPersonalCommunication,
  author = {R. Tipton},
  year = {2005},
  key = {Personal Communication}
}

@TECHREPORT{Tipton99,
  author = {R. Tipton},
  title = {Hourglass Modes and a New Monotonic Hourglass Filter},
  institution = {Lawrence Livermore National Laboratory},
  year = {1999},
  month = {December},
  note = {Unpublished}
}

@TECHREPORT{Tipton90,
  author = {R. Tipton},
  title = {{CALE} {L}agrange Step},
  institution = {Lawrence Livermore National Laboratory},
  year = {1990},
  month = {October},
  note = {Unpublished}
}

@BOOK{Toro2006,
  title = {Riemann Solvers and Numerical Methods for Fluid Dynamics - A Practical
	Introduction},
  publisher = {Springer - Verlag},
  year = {2006},
  author = {Toro, Eleuterio F.},
  owner = {truman},
  timestamp = {2010.02.20}
}

@ARTICLE{Toth00,
  author = {G. Toth},
  title = {The $\nabla \cdot {B} = 0$ Constraint in Shock-Capturing Magnetohydrodynamics
	Codes},
  journal = JCP,
  year = {2000},
  volume = {161},
  pages = {605--652},
  number = {2}
}

@ARTICLE{VanLeer79,
  author = {B. VanLeer},
  title = {Towards the ultimate conservative difference scheme},
  journal = JCP,
  year = {1979},
  volume = {32},
  pages = {101--136},
  number = {1}
}

@ARTICLE{VonNeumannRichtmyer50,
  author = {J. VonNeumann and R. D. Richtmyer},
  title = {A Method for the numerical calculation of hydrodynamic shocks},
  journal = {J. Appl. Phys.},
  year = {1950},
  volume = {21},
  pages = {232--237}
}

@TECHREPORT{Wallin_B,
  author = {B. Wallin},
  title = {Implicit Hydrodynamics for Cookoff Problems},
  institution = {Lawrence Livermore National Laboratory},
  number = {UCRL-JC-151981}
}

@ARTICLE{WangIda93,
  author = {J. S. Wang and N. Ida},
  title = {Curvilinear and Higher Order 'Edge' Finite Elements in Electromagnetic
	Field Computation},
  journal = IEEE_TM,
  year = {1993},
  volume = {29},
  pages = {1491--1494},
  number = {2}
}

@BOOK{Wangsness79,
  title = {Electromagnetic Fields},
  publisher = {John Wiley and Sons},
  year = {1979},
  author = {R. K. Wangsness},
  edition = {Second}
}

@ARTICLE{Warnick97,
  author = {K. Warnick and R. Selfridge and D. Arnold},
  title = {Teaching Electromagnetic Field Theory Using Differential Forms},
  journal = IEEE_TOE,
  year = {1997},
  volume = {40},
  pages = {53-68},
  number = {1}
}

@ARTICLE{WarrenScott95,
  author = {S. Warren and W. Scott},
  title = {Numerical Dispersion in the Finite Element Method Using Triangular
	Edge Elements},
  journal = OTL,
  year = {1995},
  volume = {9},
  pages = {315--319},
  number = {6}
}

@ARTICLE{WarrenScott94,
  author = {S. Warren and W. Scott},
  title = {An Investigation of Numerical Dispersion in the Vector Finite Element
	Method Using Quadrilateral Elements},
  journal = IEEE_TAP,
  year = {1994},
  volume = {42},
  pages = {1502--1508},
  number = {11}
}

@ARTICLE{Webb99,
  author = {J. P. Webb},
  title = {Hierarchal Vector Basis Functions of Arbitrary Order for Triangular
	and Tetrahedral Finite Elements},
  journal = IEEE_TAP,
  year = {1999},
  volume = {47},
  pages = {1244--1253},
  number = {8}
}

@ARTICLE{Webb93,
  author = {J. P. Webb},
  title = {Edge elements and what they can do for you},
  journal = IEEE_TM,
  year = {1993},
  volume = {29},
  pages = {1460--1465},
  number = {2}
}

@ARTICLE{Webb91,
  author = {J. P. Webb and R. Miniowitz},
  title = {Analysis of 3{D} microwave resonators using covariant-projection
	elements},
  journal = IEEE_TMT,
  year = {1991},
  volume = {39},
  pages = {1895--1899},
  number = {11}
}

@MISC{WeissteinDynamoEq,
  author = {E. W. Weisstein},
  title = {web page article entitled '{D}ynamo {E}quation'},
  howpublished = {From PhysicsWorld -- A Wolfram Web Resource},
  note = {http://physicsworld.wolfram.com/DynamoEquation.html}
}

@MISC{WeissteinExactSeq,
  author = {E. W. Weisstein},
  title = {web page article entitled '{E}xact {S}equence'},
  howpublished = {From MathWorld -- A Wolfram Web Resource},
  note = {http://mathworld.wolfram.com/ExactSequence.html}
}

@INBOOK{WheelerYotov06,
  chapter = {A Cell-Centered Finite Difference Method on Quadrilaterals},
  title = {Compatible Spatial Discretizations},
  publisher = {Springer-Verlag},
  year = {2006},
  editor = {D. N. Arnold and P. B. Bochev and R. B. Lehoucq and R. A. Nicolaides
	and M. J. Shashkov},
  author = {M. F. Wheeler and I. Yotov},
  volume = {142},
  series = {The IMA Volumes in Mathematics and its Applications}
}

@ARTICLE{White00a,
  author = {D. A. White},
  title = {Numerical dispersion of a vector finite element method on skewed
	hexahedral grids},
  journal = CNME,
  year = {2000},
  volume = {16},
  pages = {47--55}
}

@ARTICLE{White00b,
  author = {D. A. White},
  title = {Numerical modeling of optical gradient traps using the vector finite
	element method},
  journal = JCP,
  year = {2000},
  volume = {159},
  pages = {13--37},
  number = {1}
}

@PHDTHESIS{White97,
  author = {D. A. White},
  title = {Discrete Time Vector Finite Element Methods for Solving Maxwell's
	Equations on 3D Unstructured Grids},
  school = {University of California at Davis},
  year = {1997},
  address = {Livermore, California}
}

@ARTICLE{WhiteKoning02,
  author = {D. A. White and J. M. Koning},
  title = {Computing Solenoidal Eigenmodes of the Vector {H}elmholtz Equation:
	a novel approach},
  journal = IEEE_TM,
  year = {2002},
  volume = {38},
  pages = {3420--3425},
  number = {5}
}

@INBOOK{WhiteKoningRieben06,
  chapter = {Development and Application of Compatible Discretizations of Maxwell's
	Equations},
  title = {Compatible Spatial Discretizations},
  publisher = {Springer-Verlag},
  year = {2006},
  editor = {D. N. Arnold and P. B. Bochev and R. B. Lehoucq and R. A. Nicolaides
	and M. J. Shashkov},
  author = {D. White and J Koning and R. Rieben},
  volume = {142},
  series = {The IMA Volumes in Mathematics and its Applications}
}

@ARTICLE{WhiteRodrigue97,
  author = {D. White and G. Rodrigue},
  title = {Improved vector FEM solutions to {M}axwell's equations using grid
	preconditioning},
  journal = IJNME,
  year = {1997},
  volume = {40},
  pages = {3815--3837},
  number = {20}
}

@ARTICLE{WhiteStowell04,
  author = {D. White and M. Stowell},
  title = {Full-Wave Simulation of Electromagnetic Coupling Effects in {RF}
	and Mixed Signal {IC}'s},
  journal = IEEE_TMT,
  year = {2004},
  volume = {52},
  pages = {1404--1413},
  number = {5}
}

@TECHREPORT{Wilkins93,
  author = {M. L. Wilkins},
  title = {{HEMP 3D} -- {A} Finite Difference Program for Calculating Elastic-Plastic
	Flow},
  institution = {Lawrence Livermore National Laboratory},
  year = {1993},
  number = {UCRL-ID-114993}
}

@INBOOK{Wilkins64,
  chapter = {Calculation of Elastic-Plastic Flow},
  title = {Methods in Computational Physics},
  publisher = {Academic Press},
  year = {1964},
  author = {M. L. Wilkins},
  volume = {3}
}

@ARTICLE{WinklerDavies84,
  author = {J. R. Winkler and J. B. Davies},
  title = {Elimination of Spurious Modes in Finite Element Analysis},
  journal = JCP,
  year = {1984},
  volume = {56},
  pages = {1--14}
}

@ARTICLE{Xie02,
  author = {Z. Xie and C. Chan and B. Zhang},
  title = {An Explicit Fourth Order Orthogonal Curvilinear Staggered-Grid {FDTD}
	Method for {M}axwell's Equations},
  journal = JCP,
  year = {2002},
  volume = {175},
  pages = {739--763}
}

@ARTICLE{Yablonovitch93,
  author = {E. Yablonovitch},
  title = {Photonic band-gap strucures},
  journal = {J. Opt. Soc. Am. B},
  year = {1993},
  volume = {10},
  pages = {283--295},
  number = {2}
}

@ARTICLE{Yee66,
  author = {K. S. Yee},
  title = {Numerical Solution of Initial Boundary Value Problems Involving {M}axwell's
	Equations in Isotropic Media},
  journal = IEEE_TAP,
  year = {1966},
  volume = {14},
  pages = {302-307},
  number = {3}
}

@ARTICLE{Yioultsis97,
  author = {T. V. Yioultsis and T. D. Tsiboukis},
  title = {Development and Implementation of Second and Third Order Vector Finite
	Elements in Various 3{D} Electromagnetic Field Problems},
  journal = IEEE_TM,
  year = {1997},
  volume = {33},
  pages = {1812--1815},
  number = {2}
}

@ARTICLE{Yioultsis96,
  author = {T. V. Yioultsis and T. D. Tsiboukis},
  title = {Multiparametric Vector Finite Elements: a systematic approach to
	the construction of three-dimensional higher order vector shape functions},
  journal = IEEE_TM,
  year = {1996},
  volume = {32},
  pages = {1389--1392},
  number = {3}
}

@ARTICLE{Yo05,
  author = {J. Yoh and M. McClelland and J. Maienschein and J. Wardell and C.
	Tarver},
  title = {Simulating thermal explosion of cyclotrimethylenetrinitramine-based
	explosives: model comparison with experiment},
  journal = {J. Appl. Phys.},
  year = {2005},
  volume = {97},
  number = {083504}
}

@INPROCEEDINGS{Yoshida92,
  author = {H. Yoshida},
  title = {Symplectic integrators for {H}amiltonian-systems -- {B}asic Theory},
  booktitle = {IAU Symposia (152)},
  year = {1992},
  pages = {407--411},
  address = {Netherlands}
}

@ARTICLE{ShipCFD,
  author = {Zhi-rong Zhang and Hui Liu and Song-ping Zhu and Feng Zhao},
  title = {Application of CFD in ship engineering design practice and ship hydrodynamics},
  journal = {Journal of Hydrodynamics, Ser. B},
  year = {2006},
  volume = {18},
  pages = {315 - 322},
  number = {3, Supplement 1},
  note = {Proceedings of the Conference of Global Chinese Scholars on Hydrodynamics},
  doi = {DOI: 10.1016/S1001-6058(06)60072-3},
  issn = {1001-6058},
  keywords = {computational fluid dynamics (CFD)},
  url = {http://www.sciencedirect.com/science/article/B8CX5-4M9B6VJ-1V/2/0405609f8eaf73d06c315ab3baec2c4d}
}

@BOOK{Zienkiewicz71,
  title = {The Finite Element Method in Engineering Science},
  publisher = {McGraw-Hill},
  year = {1971},
  author = {O. C. Zienkiewicz},
  address = {London, UK}
}

@ARTICLE{Ziolkowski97,
  author = {R. Ziolkowski},
  title = {The design of {M}axwellian absorbers for numerical boundary conditions
	and for practical applications using engineered artificial materials},
  journal = IEEE_TAP,
  year = {1997},
  volume = {45},
  pages = {656--671},
  number = {4}
}

@BOOK{HydroCodeBook,
  title = {Introduction to Hydrocodes},
  publisher = {Elsevier},
  year = {2004},
  author = {Jonas Zukas},
  number = {49},
  series = {Studies in Applied Mechanics},
  owner = {truman},
  timestamp = {2010.03.17}
}

@BOOK{ArnoldCompatibleSpatialBook06,
  title = {Compatible Spatial Discretizations},
  publisher = {Springer-Verlag},
  year = {2006},
  editor = {D. N. Arnold and P. B. Bochev and R. B. Lehoucq and R. A. Nicolaides
	and M. J. Shashkov},
  volume = {142},
  series = {The IMA Volumes in Mathematics and its Applications}
}

@ARTICLE{,
  owner = {truman},
  timestamp = {2010.04.08}
}

@ARTICLE{5,
  title = {Hierarchic $hp$-edge element families for {M}axwell's equations on
	hybrid quadrilateral/triangular meshes},
  journal = CMAME,
  year = {2001},
  volume = {190},
  pages = {6709--6733}
}

